@misc{g1_2020,
    author = {Figueiredo, Patrícia; Paiva, Paula},
    title = {Professores da Rede Estadual de SP Relatam Problemas e tumulto no processo de Atribuição de Aulas},
    url = {https://g1.globo.com/sp/sao-paulo/educacao/noticia/2020/01/24/professores-da-rede-estadual-de-sp-relatam-problemas-e-tumulto-no-processo-de-atribuicao-de-aulas.ghtml},
    publisher = {G1},
    year = {2020},
    month = {Jan}
}

@misc{acioli_2021, 
        title={Problemas no sistema de Atribuição de aulas prejudicam professores da rede estadual em mogi}, 
        url={https://odiariodemogi.net.br/cidades/problemas-no-sistema-de-atribuic-o-de-aulas-prejudicam-professores-da-rede-estadual-em-mogi-1.30131}, journal={O Diário de Mogi}, 
        publisher={O DIÁRIO}, 
        author={Acioli, M}, 
        year={2021}, 
        month={Dec}}
@misc{CSPhist_2016, 
        title={Histórico}, 
        url={https://spo.ifsp.edu.br/historico}, 
        journal={Campus São Paulo},
        author={Campus São Paulo}, 
        year={2016}, 
        month={abr}, 
        language={pt} }
@misc{CSPsobre_2016, 
        title={Sobre o IFSP}, 
        url={https://ptb.ifsp.edu.br/index.php/sobre-o-ifsp}, 
        journal={Campus São Paulo Pirituba},
        author={Campus São Paulo Pirituba}, 
        year={2016}, 
        month={jul}, 
        language={pt} }
@misc{IFSP_2022, 
        title={IFSP encerra 2022 com nota máxima em 21 graduações}, 
        url={https://www.ifsp.edu.br/noticias/3248-cursos-de-graduacao-do-ifsp-sao-avaliados-com-nota-maxima-pelo-mec#:~:text=O%20IFSP%20encerra%202022%20com,4%2C%20alcan%C3%A7ando%20tamb%C3%A9m%20a%20excel%C3%AAncia}, 
        journal={Instituto Federal de São Paulo},
        author={Instituto Federal de São Paulo}, 
        year={2022}, 
        month={set}, 
        language={pt} }
@misc{mec, 
        title={Histórico}, 
        url={http://portal.mec.gov.br/rede-federal-inicial/historico}, 
        journal={Ministério da Educação},
        author={Ministério da Educação},
        language={pt} }
@article{celia,
    author = "Otranto, C",
    title = "CRIAÇÃO E IMPLANTAÇÃO DOS INSTITUTOS FEDERAIS DE
EDUCAÇÃO, CIÊNCIA E TECNOLOGIA – IFETs",
    journal = "Revista RETTA",
    publisher = "Revista RETTA",
    number = "1",
    pages = "89--110",
    year = "2010",
    DOI = "https://mapadatese.files.wordpress.com/2013/02/criac3a7c3a3o-e-implantac3a7c3a3o-dos-institutos-federais-cc3a9lia-otranto.pdf",
    keywords="Educação"
}
@misc{mecinst, 
        title={Institucional}, 
        url={http://portal.mec.gov.br/component/content/article?id=32681:apresentacao}, 
        journal={Ministério da Educação},
        author={Ministério da Educação},
        language={pt} }
@misc{PDI, 
        title={Legislação trabalhista: entenda tudo sobre leis trabalhistas (CLT)}, 
        url={https://www.portaldaindustria.com.br/industria-de-a-z/o-que-e-legislacao-trabalhista/}, 
        journal={Portal Da Indústria},
        author={Portal Da Indústria},
        language={pt} }
@misc{batista_2021,
    author = {Batista, H},
    title = {Seção III. Dos períodos de descanso},
    url = {https://www.jusbrasil.com.br/doutrina/secao/art-66-secao-iii-dos-periodos-de-descanso-clt-comentada/1198086392#LGL_1943_5-1_A.66},
    publisher = {Editora Revista dos Tribunais},
    year = {2021},
    language={pt} }
@misc{batista2_2021,
    author = {Batista, H},
    title = {Artigo 66 do Decreto Lei nº 5.452 de 01 de Maio de 1943},
    url = {https://www.jusbrasil.com.br/topicos/10759018/artigo-66-do-decreto-lei-n-5452-de-01-de-maio-de-1943},
    publisher = {Editora Revista dos Tribunais},
    year = {2021},
    language={pt} }
@misc{brief1,
    author = {Kaufman, M},
    title = {A Brief History of Automation},
    url = {https://www.exelatech.com/blog/brief-history-automation?language_content_entity=en},
    publisher = {Editora Revista dos Tribunais},
    year = {2020},
    month={jul}, 
    language={en} }
@misc{OVH2, 
    author = {OVHcloud},
    title = {O que é automatização?},
    url = {https://www.ovhcloud.com/pt/learn/what-is-automation/#:~:text=A%20automatiza%C3%A7%C3%A3o%20significa%20a%20substitui%C3%A7%C3%A3o,reduzem%20custos%20e%20o%20stresse},
    publisher = {OVHcloud},
    language={pt} }
@misc{IMTS3, 
    author = {IMTS},
    title = {A Brief History of Automation Technology},
    url = {https://www.imts.com/read/article-details/A-Brief-History-of-Automation-Technology---1/1197/type/Read/1},
    publisher = {IMTS},
    year = {2021},
    month={mai}, 
    language={en} }
@misc{RH4, 
    author = {Richardson. D.},
    title = {Top 10 reasons to use automation},
    url = {https://www.redhat.com/en/blog/top-10-reasons-use-automation},
    publisher = {Red Hat},
    year = {2021},
    month={nov}, 
    language={en} }
@misc{FU5, 
    author = {FindUp},
    title = {Como a automação de TI pode ajudar sua empresa?},
    url = {https://www.findup.com.br/2023/03/14/como-a-automacao-de-ti-pode-ajudar-sua-empresa/},
    publisher = {FindUp},
    year = {2023},
    month={mar}, 
    language={pt} }
@misc{For6, 
    author = {Cameron. P.},
    title = {5 Benefits of Automation: The Advantages of Automation},
    url = {https://www.fortra.com/resources/guides/automation-advantages-5-benefits-automation},
    publisher = {Fortra},
    language={en} }
@misc{RH7, 
    author = {Red Hat},
    title = {O que é a automação de TI?},
    url = {https://www.redhat.com/pt-br/topics/automation/whats-it-automation},
    publisher = {Red Hat},
    year = {2023},
    month={mar}, 
    language={pt} }
@misc{CIT8, 
    author = {CentralIT},
    title = {VEJA COMO NÃO CONFUNDIR AUTOMAÇÃO E AUTOMATIZAÇÃO},
    url = {https://centralit.com.br/veja-como-nao-confundir-automacao-e-automatizacao/},
    publisher = {CentralIT},
    year = {2021},
    month={jun}, 
    language={pt} }
